<collection xmlns="http://www.loc.gov/MARC21/slim">
<record>
  <leader>01976nam0a2200361 i 450 </leader>
  <controlfield tag="001">IT\ICCU\CNCE\039935</controlfield>
  <controlfield tag="005">20030919000000.0</controlfield>
  <datafield tag="012" ind1=" " ind2=" ">
    <subfield code="a">o-em isr* onem in&amp;c (3) 1559 (R)</subfield>
    <subfield code="2">fei</subfield>
  </datafield>
  <datafield tag="100" ind1=" " ind2=" ">
    <subfield code="a">19981031d1559        0itac0103    ba</subfield>
  </datafield>
  <datafield tag="101" ind1=" " ind2=" ">
    <subfield code="a">LAT</subfield>
  </datafield>
  <datafield tag="102" ind1=" " ind2=" ">
    <subfield code="a">IT</subfield>
  </datafield>
  <datafield tag="200" ind1="1" ind2=" ">
    <subfield code="a">℗Io. Baptistae Montani Veronensis medici et philosophi excellentisimi, ℗Consultationum medicinalium ad varia morborum genera, centuria tertia. Una cum indice alphabetico</subfield>
  </datafield>
  <datafield tag="210" ind1=" " ind2=" ">
    <subfield code="a">Venetijs</subfield>
    <subfield code="c">in officina Erasmiana</subfield>
    <subfield code="d">apud Vincentium Valgrisium</subfield>
    <subfield code="d">1559</subfield>
  </datafield>
  <datafield tag="215" ind1=" " ind2=" ">
    <subfield code="a">404, \12! p.</subfield>
    <subfield code="d">8ʻ</subfield>
  </datafield>
  <datafield tag="620" ind1=" " ind2=" ">
    <subfield code="a">IT</subfield>
    <subfield code="d">Venezia</subfield>
  </datafield>
  <datafield tag="700" ind1=" " ind2="1">
    <subfield code="a">Da_Monte,</subfield>
    <subfield code="b">Giovanni Battista</subfield>
    <subfield code="3">IT\ICCU\CNCA\000055</subfield>
  </datafield>
  <datafield tag="712" ind1="0" ind2="0">
    <subfield code="a">Valgrisi, Vincenzo</subfield>
    <subfield code="3">IT\ICCU\CNCT\000062</subfield>
    <subfield code="4">650</subfield>
  </datafield>
  <datafield tag="790" ind1=" " ind2="1">
    <subfield code="a">Del_Monte,</subfield>
    <subfield code="b">Giovanni Battista</subfield>
    <subfield code="3">IT\ICCU\CNCA\003556</subfield>
    <subfield code="z">Da_Monte, Giovanni Battista</subfield>
  </datafield>
  <datafield tag="790" ind1=" " ind2="1">
    <subfield code="a">Montanus,</subfield>
    <subfield code="b">Ioannes Baptista</subfield>
    <subfield code="3">IT\ICCU\CNCA\004593</subfield>
    <subfield code="z">Da_Monte, Giovanni Battista</subfield>
  </datafield>
  <datafield tag="790" ind1=" " ind2="1">
    <subfield code="a">Monte,</subfield>
    <subfield code="b">Giovanni Battista : da</subfield>
    <subfield code="3">IT\ICCU\CNCA\004594</subfield>
    <subfield code="z">Da_Monte, Giovanni Battista</subfield>
  </datafield>
  <datafield tag="790" ind1=" " ind2="1">
    <subfield code="a">Montano,</subfield>
    <subfield code="b">Giovanni Battista</subfield>
    <subfield code="3">IT\ICCU\CNCA\010210</subfield>
    <subfield code="z">Da_Monte, Giovanni Battista</subfield>
  </datafield>
  <datafield tag="791" ind1="0" ind2="0">
    <subfield code="a">Vaugris, Vincenzo</subfield>
    <subfield code="3">IT\ICCU\CNCT\002740</subfield>
    <subfield code="z">Valgrisi, Vincenzo</subfield>
  </datafield>
  <datafield tag="791" ind1="0" ind2="2">
    <subfield code="a">Officina Erasmiana</subfield>
    <subfield code="3">IT\ICCU\CNCT\002921</subfield>
    <subfield code="z">Valgrisi, Vincenzo</subfield>
  </datafield>
  <datafield tag="791" ind1="0" ind2="0">
    <subfield code="a">Valgrisius, Vincentius</subfield>
    <subfield code="3">IT\ICCU\CNCT\005845</subfield>
    <subfield code="z">Valgrisi, Vincenzo</subfield>
  </datafield>
  <datafield tag="791" ind1="0" ind2="0">
    <subfield code="a">Valgrisio, Vincenzo</subfield>
    <subfield code="3">IT\ICCU\CNCT\005846</subfield>
    <subfield code="z">Valgrisi, Vincenzo</subfield>
  </datafield>
  <datafield tag="801" ind1=" " ind2="3">
    <subfield code="a">IT</subfield>
    <subfield code="b">ICCU</subfield>
    <subfield code="c">20201114</subfield>
  </datafield>
  <datafield tag="899" ind1=" " ind2=" ">
    <subfield code="a">Biblioteca civica Berio. Genova</subfield>
    <subfield code="1">GE0036</subfield>
    <subfield code="2">SGE BE</subfield>
  </datafield>
  <datafield tag="899" ind1=" " ind2=" ">
    <subfield code="a">Biblioteca Guarnacci. Volterra</subfield>
    <subfield code="1">PI0176</subfield>
    <subfield code="2">RT1 QV</subfield>
  </datafield>
  <datafield tag="899" ind1=" " ind2=" ">
    <subfield code="a">Biblioteca Oliveriana. Pesaro</subfield>
    <subfield code="1">PU0061</subfield>
    <subfield code="2">URB OL</subfield>
  </datafield>
  <datafield tag="899" ind1=" " ind2=" ">
    <subfield code="a">Biblioteca Casanatense. Roma</subfield>
    <subfield code="1">RM0313</subfield>
    <subfield code="2">RML 07</subfield>
  </datafield>
  <datafield tag="899" ind1=" " ind2=" ">
    <subfield code="a">Biblioteca civica. Verona</subfield>
    <subfield code="1">VR0059</subfield>
    <subfield code="2">ZVR 02</subfield>
  </datafield>
  <datafield tag="911" ind1=" " ind2=" ">
    <subfield code="a">in fine</subfield>
    <subfield code="9">IT\ICCU\CNCM\000872</subfield>
  </datafield>
  <datafield tag="921" ind1=" " ind2=" ">
    <subfield code="a">IT\ICCU\CNCM\000872</subfield>
    <subfield code="b">Serpente attorcigliato a bastone a forma di tau sostenuto da mani uscenti da nuvole. Scritta: Vincent.</subfield>
    <subfield code="c">U17</subfield>
    <subfield code="d">Dimensioni: 2,8 x 3,8</subfield>
    <subfield code="f">SERPENTE</subfield>
    <subfield code="f">TAU</subfield>
    <subfield code="f">MANI</subfield>
    <subfield code="f">NUVOLE</subfield>
    <subfield code="g">1554-1575</subfield>
  </datafield>
</record>
</collection>
